<record><leader>00000cas a22000007a 4500</leader><controlfield tag="001">8820904</controlfield><controlfield tag="008">820930d18291830inuwr ne      0    0eng  </controlfield><controlfield tag="009">466</controlfield><datafield ind1=" " ind2=" " tag="010"><subfield code="a">sn 82015475 </subfield></datafield><datafield ind1=" " ind2=" " tag="040"><subfield code="a">DLC</subfield><subfield code="b">eng</subfield><subfield code="c">DLC</subfield><subfield code="d">NPX</subfield><subfield code="d">NPY</subfield><subfield code="d">NPI</subfield><subfield code="d">DLC</subfield><subfield code="d">IUL</subfield><subfield code="d">OCLCO</subfield><subfield code="d">OCLCF</subfield></datafield><datafield ind1="1" ind2=" " tag="029"><subfield code="a">AU@</subfield><subfield code="b">000025831480</subfield></datafield><datafield ind1=" " ind2=" " tag="042"><subfield code="a">msc</subfield></datafield><datafield ind1=" " ind2=" " tag="043"><subfield code="a">n-us-in</subfield></datafield><datafield ind1="0" ind2="0" tag="050"><subfield code="a">Newspaper 7715</subfield></datafield><datafield ind1="0" ind2="0" tag="245"><subfield code="a">Indiana State gazette.</subfield></datafield><datafield ind1="1" ind2=" " tag="246"><subfield code="i">Published Apr.1 -&lt;June 24, 1830&gt; as:</subfield><subfield code="a">Indiana Democrat and state gazette</subfield></datafield><datafield ind1=" " ind2=" " tag="260"><subfield code="a">Indianapolis :</subfield><subfield code="b">Bolton &amp; Kinnard,</subfield><subfield code="c">1829-1830.</subfield></datafield><datafield ind1=" " ind2=" " tag="310"><subfield code="a">Weekly</subfield></datafield><datafield ind1="0" ind2=" " tag="362"><subfield code="a">New ser., v. 1, no. 1 (Oct. 22, 1829)-v. 1, no. 16 (July 29, 1830) = Whole no. 369-whole no. 407.</subfield></datafield><datafield ind1=" " ind2=" " tag="500"><subfield code="a">"Democratic."</subfield></datafield><datafield ind1=" " ind2="0" tag="651"><subfield code="a">Indianapolis (Ind.)</subfield><subfield code="v">Newspapers.</subfield></datafield><datafield ind1=" " ind2="7" tag="655"><subfield code="a">Newspapers.</subfield><subfield code="2">fast</subfield><subfield code="0">(OCoLC)fst01423814</subfield></datafield><datafield ind1=" " ind2="7" tag="651"><subfield code="a">Indiana</subfield><subfield code="z">Indianapolis.</subfield><subfield code="2">fast</subfield><subfield code="0">(OCoLC)fst01205182</subfield></datafield><datafield ind1=" " ind2=" " tag="752"><subfield code="a">United States</subfield><subfield code="b">Indiana</subfield><subfield code="c">Marion</subfield><subfield code="d">Indianapolis.</subfield></datafield><datafield ind1="0" ind2="0" tag="780"><subfield code="t">Indianapolis gazette (Indianapolis, Ind. : 1822)</subfield><subfield code="w">(DLC)sn 82015472</subfield></datafield><datafield ind1="0" ind2="0" tag="785"><subfield code="t">Indiana Democrat (Indianapolis, Ind. : 1830)</subfield><subfield code="w">(DLC)sn 82015465</subfield></datafield></record>